 @book {aigner-ziegler,
    AUTHOR = {Aigner, M. and Ziegler, G.},
     TITLE = {Proofs from {T}he {B}ook},
   %EDITION = {Fifth},
    %  NOTE = {Including illustrations by Karl H. Hofmann},
 %PUBLISHER = {Springer-Verlag, Berlin},
      YEAR = {2014},
    % PAGES = {viii+308},
      ISBN = {978-3-662-44204-3; 978-3-662-44205-0},
   MRCLASS = {00A05},
  MRNUMBER = {3288091},
       DOI = {10.1007/978-3-662-44205-0},
       URL = {https://doi.org/10.1007/978-3-662-44205-0},
}

@article {alon,
    AUTHOR = {Alon, N.},
     TITLE = {A simple algorithm for edge-coloring bipartite multigraphs},
   JOURNAL = {Inform. Process. Lett.},
  FJOURNAL = {Information Processing Letters},
    VOLUME = {85},
      YEAR = {2003},
    NUMBER = {6},
     PAGES = {301--302},
      ISSN = {0020-0190},
   MRCLASS = {05C85 (05C15 68R10 68W40)},
  MRNUMBER = {1956451},
       DOI = {10.1016/S0020-0190(02)00446-5},
       URL = {https://doi.org/10.1016/S0020-0190(02)00446-5},
}

@incollection {cameron,
    AUTHOR = {Cameron, P.},
     TITLE = {The random graph},
 BOOKTITLE = {The mathematics of {P}aul {E}rd\H{o}s, {II}},
    SERIES = {Algorithms Combin.},
    VOLUME = {14},
     PAGES = {333--351},
 %PUBLISHER = {Springer, Berlin},
      YEAR = {1997},
   MRCLASS = {05C80},
  MRNUMBER = {1425227},
MRREVIEWER = {Tomasz J. \L uczak},
       DOI = {10.1007/978-3-642-60406-5_32},
       URL = {https://doi.org/10.1007/978-3-642-60406-5_32},
}


@article{cayley,
  author={Cayley, A.},
  title={A theorem on trees},
  journal={Quart. J. Math.},
  volume={23},
  pages={376--378},
  year={1889}
}

@book {cormen-leiserson-rivest-stein,
    AUTHOR = {Cormen, T. H. and Leiserson, C. E. and Rivest, R. L. and Stein, C.},
     TITLE = {Introduction to algorithms},
  % EDITION = {Third},
 %PUBLISHER = {MIT Press, Cambridge, MA},
      YEAR = {2009},
    % PAGES = {xx+1292},
    %  ISBN = {978-0-262-03384-8},
  % MRCLASS = {68-01 (05-01 05C85 68P05 68P10 68Q25 68Wxx)},
 % MRNUMBER = {2572804},
}

@book {doyle-snell,
    AUTHOR = {Doyle, P. and Snell, J. L.},
     TITLE = {Random walks and electric networks},
    SERIES = {Carus Mathematical Monographs},
    VOLUME = {22},
% PUBLISHER = {Mathematical Association of America, Washington, DC},
      YEAR = {1984},
    % PAGES = {xiv+159},
      ISBN = {0-88385-024-9},
   MRCLASS = {94C05 (60J15 94C15)},
  MRNUMBER = {920811},
MRREVIEWER = {H. Kesten},
note= {(arXiv:math/0001057 [math.PR])},
}

@article{egervary,
  title={Matrixok kombinatorius tulajdons{\'a}gair{\'o}l},
  author={Egerv{\'a}ry, E.},
  journal={Matematikai {\'e}s Fizikai Lapok},
  volume={38},
  number={1931},
  pages={16--28},
  year={1931}
}

@article{elias-feinstein-shannon,
  title={A note on the maximum flow through a network},
  author={Elias, P. and Feinstein, A. and Shannon, C.},
  journal={IRE Transactions on Information Theory},
  volume={2},
  number={4},
  pages={117--119},
  year={1956},
  publisher={IEEE}
}

@article {ford-fulkerson,
    AUTHOR = {Ford, L. R. and Fulkerson, D. R.},
     TITLE = {Maximal flow through a network},
   JOURNAL = {Canad. J. Math.},
  FJOURNAL = {Canadian Journal of Mathematics. Journal Canadien de
              Math\'{e}matiques},
    VOLUME = {8},
      YEAR = {1956},
     PAGES = {399--404},
      ISSN = {0008-414X},
   MRCLASS = {54.0X},
  MRNUMBER = {0079251},
MRREVIEWER = {T. E. Harris},
       DOI = {10.4153/CJM-1956-045-5},
       URL = {https://doi.org/10.4153/CJM-1956-045-5},
}

@book{gardiner,
  title={The 2nd Scientific American book of mathematical puzzles and diversions},
  author={Gardiner, M.},
  %PUBLISHER={New York: Simon\&Schuster},
  year={1961}
}

@article {godsil-gutman,
    AUTHOR = {Godsil, C. D. and Gutman, I.},
     TITLE = {On the theory of the matching polynomial},
   JOURNAL = {J. Graph Theory},
  FJOURNAL = {Journal of Graph Theory},
    VOLUME = {5},
      YEAR = {1981},
    NUMBER = {2},
     PAGES = {137--144},
      ISSN = {0364-9024},
   MRCLASS = {05C70},
  MRNUMBER = {615001},
MRREVIEWER = {Charles H. C. Little},
       DOI = {10.1002/jgt.3190050203},
       URL = {https://doi.org/10.1002/jgt.3190050203},
}

@incollection {gowers,
    AUTHOR = {Gowers, W. T.},
     TITLE = {The two cultures of mathematics},
 BOOKTITLE = {Mathematics: frontiers and perspectives},
     PAGES = {65--78},
 %PUBLISHER = {Amer. Math. Soc., Providence, RI},
      YEAR = {2000},
   MRCLASS = {00A30 (05Dxx)},
  MRNUMBER = {1754768},
MRREVIEWER = {Alain Plagne},
}

@book {graham-knuth-patashnik,
    AUTHOR = {Graham, R. and Knuth, D. and Patashnik, O.},
     TITLE = {Concrete mathematics},
   %EDITION = {Second},
     % NOTE = {A foundation for computer science},
 %PUBLISHER = {Addison-Wesley Publishing Company, Reading, MA},
      YEAR = {1994},
    % PAGES = {xiv+657},
      ISBN = {0-201-55802-5},
   MRCLASS = {68-01 (00-01 00A05 05-01 68Rxx)},
  MRNUMBER = {1397498},
MRREVIEWER = {Volker Strehl},
}

@article{hall,
  title={On representatives of subsets},
  author={Hall, P.},
  journal={Journal of the London Mathematical Society},
  volume={1},
  number={1},
  pages={26--30},
  year={1935},
  publisher={Wiley Online Library}
}

@book {harary-palmer,
    AUTHOR = {Harary, F. and Palmer, E.},
     TITLE = {Graphical enumeration},
 %PUBLISHER = {Academic Press, New York-London},
      YEAR = {1973},
   %  PAGES = {xiv+271},
   MRCLASS = {05C30},
  MRNUMBER = {0357214},
MRREVIEWER = {R. W. Robinson},
}

@book {hartsfield-ringel,
    AUTHOR = {Hartsfield, N. and Ringel, G.},
     TITLE = {Pearls in graph theory},
   %   NOTE = {A comprehensive introduction},
 %PUBLISHER = {Dover Publications, Inc., Mineola, NY},
      YEAR = {2003},
   %  PAGES = {x+249},
      ISBN = {0-486-43232-7},
   MRCLASS = {05-01 (05Cxx)},
  MRNUMBER = {2047103},
}

@article{heawood,
  title={Map color theorems},
  author={Heawood, P. J.},
  journal={Quant. J. Math.},
  volume={24},
  pages={332--338},
  year={1890}
}

@book {jordan,
    AUTHOR = {Jordan, C.},
     TITLE = {Calculus of {F}inite {D}ifferences},
 %PUBLISHER = {Hungarian Agent Eggenberger Book-Shop, Budapest},
      YEAR = {1939},
    % PAGES = {xxi+654},
   MRCLASS = {42.3X},
  MRNUMBER = {0000441},
MRREVIEWER = {W. E. Milne},
}

@book {jungnickel,
    AUTHOR = {Jungnickel, D.},
     TITLE = {Graphs, networks and algorithms},
    SERIES = {Algorithms and Computation in Mathematics},
    VOLUME = {5},
  % EDITION = {Third},
 %PUBLISHER = {Springer, Berlin},
      YEAR = {2008},
    % PAGES = {xx+650},
      ISBN = {978-3-540-72779-8},
   MRCLASS = {05-01 (05C85 68R05 68R10 68W05 90C35 90C57)},
  MRNUMBER = {2363884},
       DOI = {10.1007/978-3-540-72780-4},
       URL = {https://doi.org/10.1007/978-3-540-72780-4},
}

@online{kalai,
author={Kalai, G.},
title={The seventeen camels riddle, and Noga Alon’s camel proof and algorithms},
date={2017/02/16},
url={https://gilkalai.wordpress.com/}
}

@inproceedings {karp,
    AUTHOR = {Karp, R. M.},
     TITLE = {Reducibility among combinatorial problems},
      BOOKTITLE = {Complexity of computer computations ({P}roc. {S}ympos., {IBM}
              {T}homas {J}. {W}atson {R}es. {C}enter, {Y}orktown {H}eights,
              {N}.{Y}., 1972)},
     PAGES = {85--103},
      YEAR = {1972},
   MRCLASS = {68A20},
  MRNUMBER = {0378476},
MRREVIEWER = {John T. Gill},
}

@book {katz-reimann,
    AUTHOR = {Katz, M. and Reimann, J.},
     TITLE = {An introduction to {R}amsey theory},
    SERIES = {Student Mathematical Library},
    VOLUME = {87},
      NOTE = {Fast functions, infinity, and metamathematics},
 %PUBLISHER = {American Mathematical Society, Providence, RI; Mathematics Advanced Study Semesters, University Park, PA},
      YEAR = {2018},
     %PAGES = {xiv+207},
      %ISBN = {978-1-4704-4290-3},
   MRCLASS = {03-01 (03B10 03B25 03D20 03E05 03E10 03H15 05D10)},
  MRNUMBER = {3837157},
}

@article{konig,
  title={Gr\'{a}fok \'{e}s m\'{a}trixok},
  author={K\H{o}nig, D.},
  journal={Matematikai {\'e}s Fizikai Lapok},
  volume={38},
  pages={116--119},
  year={1931}
}

@article {kruskal,
    AUTHOR = {Kruskal, J. B.},
     TITLE = {On the shortest spanning subtree of a graph and the traveling
              salesman problem},
   JOURNAL = {Proc. Amer. Math. Soc.},
  FJOURNAL = {Proceedings of the American Mathematical Society},
    VOLUME = {7},
      YEAR = {1956},
     PAGES = {48--50},
      ISSN = {0002-9939},
   MRCLASS = {56.0X},
  MRNUMBER = {78686},
MRREVIEWER = {H. W. Kuhn},
       DOI = {10.2307/2033241},
       URL = {https://doi.org/10.2307/2033241},
}

@article{levi,
  title={An Electrician’s (or a plumber’s)
proof of Euler’s polyhedral formula},
  author={Levi, M.},
  journal={SIAM News},
  volume={50},
  number={4},
  month={May},
  year={2017}
}

@book {lovasz,
    AUTHOR = {Lov\'{a}sz, L.},
     TITLE = {Combinatorial problems and exercises},
  % EDITION = {second},
 %PUBLISHER = {AMS Chelsea Publishing, Providence, RI},
      YEAR = {2007},
    % PAGES = {642},
      ISBN = {978-0-8218-4262-1},
   MRCLASS = {05-01},
  MRNUMBER = {2321240},
       DOI = {10.1090/chel/361},
       URL = {https://doi.org/10.1090/chel/361},
}

@online{ollivier,
author={Ollivier, O.},
title={Jacobi’s bound},
date={},
url={https://www.lix.polytechnique.fr/~ollivier/JACOBI/jacobiEngl.htm}
}


@online{petrov,
    TITLE = {Generating function in graph theory},
    AUTHOR = {Petrov, F.},
    HOWPUBLISHED = {MathOverflow},
    URL = {https://mathoverflow.net/q/287767},
    date={2017-12-05},
}

@electronic{radziszowski,
    AUTHOR = {Radziszowski, S.},
     TITLE = {Small {R}amsey numbers},
   JOURNAL = {Electron. J. Combin.},
  FJOURNAL = {Electronic Journal of Combinatorics},
    VOLUME = {1},
      YEAR = {1994},
     PAGES = {Dynamic Survey 1, 30},
      ISSN = {1077-8926},
   MRCLASS = {05C55},
  MRNUMBER = {1670625},
MRREVIEWER = {Ivan Pashov},
       URL = {https://www.combinatorics.org/ojs/index.php/eljc/article/view/DS1},
       
}

@article {read,
    AUTHOR = {Read, R.},
     TITLE = {An introduction to chromatic polynomials},
   JOURNAL = {J. Combinatorial Theory},
    VOLUME = {4},
      YEAR = {1968},
     PAGES = {52--71},
   MRCLASS = {05.55},
  MRNUMBER = {0224505},
MRREVIEWER = {K. Wagner},
}

@article {ringel-youngs,
    AUTHOR = {Ringel, G. and Youngs, J. W. T.},
     TITLE = {Solution of the {H}eawood map-coloring problem},
   JOURNAL = {Proc. Nat. Acad. Sci. U.S.A.},
  FJOURNAL = {Proceedings of the National Academy of Sciences of the United
              States of America},
    VOLUME = {60},
      YEAR = {1968},
     PAGES = {438--445},
      ISSN = {0027-8424},
   MRCLASS = {05.55},
  MRNUMBER = {228378},
MRREVIEWER = {K. Wagner},
       DOI = {10.1073/pnas.60.2.438},
       URL = {https://doi.org/10.1073/pnas.60.2.438},
}

@article {robertson-seymour,
    AUTHOR = {Robertson, N. and Seymour, P. D.},
     TITLE = {Graph minors. {XX}. {W}agner's conjecture},
   JOURNAL = {J. Combin. Theory Ser. B},
  FJOURNAL = {Journal of Combinatorial Theory. Series B},
    VOLUME = {92},
      YEAR = {2004},
    NUMBER = {2},
     PAGES = {325--357},
      ISSN = {0095-8956},
   MRCLASS = {05C83 (05C75)},
  MRNUMBER = {2099147},
MRREVIEWER = {D. S. Archdeacon},
       DOI = {10.1016/j.jctb.2004.08.001},
       URL = {https://doi.org/10.1016/j.jctb.2004.08.001},
}

@article {shirdareh-haghighi-bibak,
    AUTHOR = {Shirdareh Haghighi, M. H. and Bibak, Kh.},
     TITLE = {Recursive relations for the number of spanning trees},
   JOURNAL = {Appl. Math. Sci. (Ruse)},
  FJOURNAL = {Applied Mathematical Sciences},
    VOLUME = {3},
      YEAR = {2009},
    NUMBER = {45-48},
     PAGES = {2263--2269},
      ISSN = {1312-885X},
   MRCLASS = {05C30 (05C05)},
  MRNUMBER = {2558231},
}

@article{urysohn,
  title={Sur un espace m{\'e}trique universel},
  author={Urysohn, P.},
  journal={Bull. Sci. Math},
  volume={51},
  number={2},
  pages={43--64},
  year={1927},
  addendum ={Русский перевод в П. С. Урысон \textit{Труды по топологиии другим областям математики}, Том II, (1951) 747---777}
}

@book {wu-chao,
    AUTHOR = {Wu, B. Y. and Chao, K. M.},
     TITLE = {Spanning trees and optimization problems},
    SERIES = {Discrete Mathematics and its Applications (Boca Raton)},
 %PUBLISHER = {Chapman \& Hall/CRC, Boca Raton, FL},
      YEAR = {2004},
    % PAGES = {xvi+184},
      ISBN = {1-58488-436-3},
   MRCLASS = {90-02 (05C05 05C85 90C27 90C35)},
  MRNUMBER = {2031746},
MRREVIEWER = {H. T. Lau},
       DOI = {10.1201/9780203497289},
       URL = {https://doi.org/10.1201/9780203497289},
}



@article{evnin,
  title={Вокруг теоремы Холла},
  author={Эвнин, А. Ю.},
  journal={Математическое образование},
  number={3 (34)},
  pages={2--23},
  year={2005},
  publisher={Фонд математического образования и просвещения},
  language={russian},
hyphenation={russian}
}

@article{evnin-chnom,
  title={Хроматический многочлен графа в задачах},
  author={Эвнин, А. Ю.},
  journal={Математическое образование},
  number={4(72)},
  pages={9--15},
  year={2014},
  publisher={Фонд математического образования и просвещения},
  language={russian},
hyphenation={russian}
}
